@InBook{ogata6,
author = "Katsuhiko Ogata",
editor = {Pearson Education},
title = {Modern Control Engeineering},
chapter = {6},
publisher = {Aeeizh},
year = {2002},
address = {New Jersey},
edition = {4th},
}

@Book{ogata,
author = {Katsuhiko Ogata},
editor = {Pearson Education},
title = {Modern Control Engeineering},
publisher = {Aeeizh},
year = {2002},
OPTkey = {•},
OPTvolume = {•},
OPTnumber = {•},
OPTseries = {•},
address = {New Jersey},
edition = {4th},
OPTmonth = {•},
OPTnote = {•},
OPTannote = {•}
}

@MastersThesis{luciano,
author = {Luciano Duarte Nascimento Franco},
title = {Sincronização, captura e análise de imagens da poça de soldagem no processo GMAW convencional, no modo de transferência metálica por curto circuito},
school = {Universidade de Brasília},
year = {2007},
OPTkey = {key},
OPTtype = {type},
OPTaddress = {Brasília},
OPTmonth = {Dezembro},
OPTnote = {note},
OPTannote = {annote},
}

@MastersThesis{Broering,
author = {Carlos Eduardo Broering},
title = {Desenvolvimento de Sistemas para a Automação da Soldagem e corte Térmico},
school = {Universidade Federal de Santa Catarina},
year = {2005},
OPTkey = {key},
OPTtype = {type},
OPTaddress = {Florianópolis},
OPTmonth = {Fevereiro},
OPTnote = {note},
OPTannote = {annote},
}


@Book{oge,
author = {Ogê Marques Filho and Hugo Vieira Neto},
editor = {},
title = {Processamento Digital de Imagens},
publisher = {Brasport},
year = {1999},
OPTkey = {key},
OPTvolume = {volume},
OPTnumber = {number},
OPTseries = {series},
address = {Rio de Janeiro},
OPTedition = {edition},
OPTmonth = {month},
OPTnote = {note},
OPTannote = {annote},
}

@Book{gonzalez,
author = {Rafael C. Gonzalez and Richard E. Woods},
editor = {},
title = {Processamento de Imagens Digitais},
publisher = {Edgard Blücher LTDA},
year = {2000},
OPTkey = {key},
OPTvolume = {volume},
OPTnumber = {number},
OPTseries = {series},
OPTaddress = {},
edition = {1ª},
OPTmonth = {month},
OPTnote = {note},
OPTannote = {annote},
}


@Book{book:modenesi,
author = {Paulo Villani Marques and Paulo José Modenesi and Alexandre Queiroz Bracarense},
title = {Soldagem: Fundamentos e Tecnologia},
publisher = {Editora UFMG},
year = {2005},
OPTkey = {key},
OPTvolume = {volume},
OPTnumber = {number},
OPTseries = {series},
OPTaddress = {Belo Horizonte},
OPTedition = {3ª},
OPTmonth = {month},
OPTnote = {note},
OPTannote = {annote},
}


@Book{book:Scott:2008i,
ALTauthor = {Américo Scotti, Vladimir Ponomarev},
ALTeditor = {},
title = {Soldagem MIG/MAG: melhor entendimento, melhor desempenho},
publisher = {Artliber Editora},
year = {2008},
OPTkey = {key},
OPTvolume = {volume},
OPTnumber = {number},
OPTseries = {series},
OPTaddress = {São Paulo},
OPTedition = {edition},
OPTmonth = {month},
OPTnote = {note},
OPTannote = {annote},
}


@ARTICLE{article:Ventura:2010,
    Author         = {Ventura, Rodrigo},
    Journal        = {},
    Month          = {August},
    Number         = {},
    Pages          = {},
    Title          = {Mudanças no Perfil do Consumo no Brasil},
    Volume         = {},
    Year           = {2010}
}


@ARTICLE{article:Trandel:1991,
    Author         = {Trandel, Gregory A.},
    Journal        = {The Review of Economics and Statistics},
    Month          = {August},
    Number         = {},
    Pages          = {},
    Title          = {The bias due to omitting quality when estimating automobile demand},
    Volume         = {},
    Year           = {1991}
}


@ARTICLE{article:Adolfsson:1997,
    Author         = {Adolfsson, Stefan},
    Journal        = {Welding Journal},
    Month          = {December},
    Number         = {},
    Pages          = {},
    Title          = {On-Line Quality Monitoring in Short-Circuit Gas Metal Arc Welding},
    Volume         = {},
    Year           = {1997}
}


@ARTICLE{article:Criminisi,
    Author         = {A. Criminisi and I. Reid and  A. Zisserman},
    Journal        = {British Machine Vision Conferencel},
    Month          = {July},
    Number         = {},
    Pages          = {},
    Title          = {A Plane Measuring Device},
    Volume         = {},
    Year           = {1997}
}


@InBook{chapter:Zisserman:23,
author = {Mundy, Joseph. Zisserman, Andrew},
ALTeditor = {editor},
title = {Geometric Invariance in Computer Vision},
chapter = {23},
publisher = {MIT Press},
year = {1992},
OPTkey = {key},
OPTvolume = {volume},
OPTnumber = {number},
OPTseries = {series},
OPTtype = {type},
OPTaddress = {address},
OPTedition = {edition},
OPTmonth = {month},
OPTpages = {pages},
OPTnote = {note},
OPTannote = {annote},
}


@ARTICLE{article:Harris,
    Author         = {C. Harris, M. Stephens},
    Journal        = {Plessey Research Roke Manor},
    Month          = {},
    Number         = {},
    Pages          = {},
    Title          = {A Combined Corner And Edge Detector},
    Volume         = {},
    Year           = {1998}
}


@ARTICLE{article:Moravec,
    Author         = {H. P. Moravec},
    Journal        = {Proc. 5th International Joint Conference on Artificial Intelligence},
    Month          = {},
    Number         = {},
    Pages          = {584},
    Title          = {Towards Automatic Visual Obstacle Avoidance},
    Volume         = {},
    Year           = {1977}
}


@ONLINE{online:Wayback,
ALTauthor = {author},
ALTeditor = {editor},
title = {History of FPGAs},
date = {date},
url = {url},
OPTsubtitle = {subtitle},
OPTtitleaddon = {titleaddon},
OPTlanguage = {language},
OPTversion = {version},
OPTnote = {note},
OPTorganization = {Wayback Machine},
OPTdate = {date},
OPTmonth = {month},
OPTyear = {2007},
OPTaddendum = {addendum},
OPTpubstate = {pubstate},
OPTurldate = {urldate},
}


@patent{page1985re,
  title={Re-programmable PLA},
  author={Page, D.W. and Peterson, L.V.R.},
  url={http://www.google.com/patents/US4508977},
  year={1985},
  month=apr # "~2",
  publisher={Google Patents},
  note={US Patent 4,508,977}
}

@book{book:Amore,
  title={VHDL: descri{\c{c}}ao e s{\'\i}ntese de circuitos digitais},
  author={D'Amore, R.},
  isbn={9788521614524},
  url={https://books.google.com.br/books?id=6I26AAAACAAJ},
  year={2005},
  publisher={LTC}
}

@ARTICLE{ieeeVHDL87, 
journal={IEEE Std 1076-1987}, 
title={IEEE Standard VHDL Language Reference Manual}, 
year={1988}, 
pages={01-}, 
keywords={VLSI;circuit CAD;context-free languages;integrated circuit testing;specification languages;standards;Backus-Naur Form;IEEE standard;VHDL;VHSIC Hardware Description Language;context-free syntax;development;electronic systems;formal notation;hardware designs;maintenance;modification;narrative rules;procurement;semantic requirements;synthesis;testing;verification;very high scale integrated circuits;Design automation;Formal languages;Integrated circuit testing;Specification languages;Standards;Very-large-scale integration}, 
doi={10.1109/IEEESTD.1988.122645}, 
month={},}

@ARTICLE{ieeeVHDL93-1076, 
journal={ANSI/IEEE Std 1076-1993}, 
title={IEEE Standard VHDL Language Reference Manual.}, 
year={1994}, 
pages={i-}, 
doi={10.1109/IEEESTD.1994.121433}, 
month={},}

@ARTICLE{ieee1997-1076.3, 
journal={IEEE Std 1076.3-1997}, 
title={IEEE Standard VHDL Synthesis Packages}, 
year={1997}, 
pages={1-52}, 
keywords={hardware description languages;Bit type;Boolean type;IEEE Std 1076-1993;IEEE Std 1164-1993;IEEE standard;Signed type;Unsigned type;VHDL array types;VHDL synthesis packages;allowable modifications;binary encoding technique;common logic values;formal verification;integer arithmetic;interpretations;mathematical operators;metalogical values;natural-number arithmetic;numeric types;numeric values;numerical semantics;simulation acceleration;standard logic types;two's-complement encoding technique;vector types;Hardware design languages;interpretations;metalogical values;numeric VHDL vector types;signed;synthesis;unsigned}, 
doi={10.1109/IEEESTD.1997.82399}, 
month={June},}

@book{book:intro-soldagem,
author = {Paulo José Modenesi and Paulo Villani Marques and Dagoberto B. Santos},
title = {Introdução à Metalurgia da Soldagem},
year = {2012},
OPTeditor = {Universidade Federal de Minas Gerais},
OPTeditora = {editora},
OPTeditorb = {editorb},
OPTeditorc = {editorc},
OPTtranslator = {translator},
OPTannotator = {annotator},
OPTcommentator = {commentator},
OPTintroduction = {introduction},
OPTforeword = {foreword},
OPTafterword = {afterword},
OPTsubtitle = {subtitle},
OPTtitleaddon = {titleaddon},
OPTmaintitle = {maintitle},
OPTmainsubtitle = {mainsubtitle},
OPTmaintitleaddon = {maintitleaddon},
OPTlanguage = {language},
OPToriglanguage = {origlanguage},
OPTvolume = {volume},
OPTpart = {part},
OPTedition = {edition},
OPTvolumes = {volumes},
OPTseries = {series},
OPTnumber = {number},
OPTnote = {note},
OPTpublisher = {publisher},
OPTlocation = {location},
OPTisbn = {isbn},
OPTchapter = {chapter},
OPTpages = {pages},
OPTpagetotal = {pagetotal},
OPTaddendum = {addendum},
OPTpubstate = {pubstate},
OPTdoi = {doi},
OPTeprint = {eprint},
OPTeprintclass = {eprintclass},
OPTeprinttype = {eprinttype},
OPTurl = {url},
OPTurldate = {urldate},
}


@book{book:ivanguerra,
author = {Ivan Guerra Machado},
title = {Soldagem e técnicas conexas},
year = {2007},
OPTeditor = {editor},
OPTeditora = {editora},
OPTeditorb = {editorb},
OPTeditorc = {editorc},
OPTtranslator = {translator},
OPTannotator = {annotator},
OPTcommentator = {commentator},
OPTintroduction = {introduction},
OPTforeword = {foreword},
OPTafterword = {afterword},
OPTsubtitle = {Processos},
OPTtitleaddon = {titleaddon},
OPTmaintitle = {maintitle},
OPTmainsubtitle = {mainsubtitle},
OPTmaintitleaddon = {maintitleaddon},
OPTlanguage = {language},
OPToriglanguage = {origlanguage},
OPTvolume = {volume},
OPTpart = {part},
OPTedition = {edition},
OPTvolumes = {volumes},
OPTseries = {series},
OPTnumber = {number},
OPTnote = {note},
OPTpublisher = {publisher},
OPTlocation = {Porto Alegre},
OPTisbn = {isbn},
OPTchapter = {chapter},
OPTpages = {pages},
OPTpagetotal = {pagetotal},
OPTaddendum = {addendum},
OPTpubstate = {pubstate},
OPTdoi = {doi},
OPTeprint = {eprint},
OPTeprintclass = {eprintclass},
OPTeprinttype = {eprinttype},
OPTurl = {url},
OPTurldate = {urldate},
}

@manual{camera-link,
ALTauthor = {},
ALTeditor = {editor},
title = {Specifications of The Camera Link Interface Standard for Digital Cameras and Frame Grabbers},
date = {2012},
OPTsubtitle = {subtitle},
OPTtitleaddon = {titleaddon},
OPTlanguage = {language},
OPTedition = {},
OPTtype = {type},
OPTseries = {series},
OPTnumber = {number},
OPTversion = {2.0},
OPTnote = {note},
OPTorganization = {AIA - Advanced Vision+Imaging},
OPTpublisher = {publisher},
OPTlocation = {Michigan, USA},
OPTisbn = {isbn},
OPTchapter = {chapter},
OPTpages = {pages},
OPTpagetotal = {pagetotal},
OPTaddendum = {addendum},
OPTpubstate = {pubstate},
OPTdoi = {doi},
OPTeprint = {eprint},
OPTeprintclass = {eprintclass},
OPTeprinttype = {eprinttype},
OPTurl = {url},
OPTurldate = {urldate},
}

@manual{camera-link-ip-core,
ALTauthor = {},
ALTeditor = {editor},
title = {Microtronix Camera Link IP Core},
date = {2013},
OPTsubtitle = {subtitle},
OPTtitleaddon = {titleaddon},
OPTlanguage = {language},
OPTedition = {},
OPTtype = {type},
OPTseries = {series},
OPTnumber = {number},
OPTversion = {2.0},
OPTnote = {note},
OPTorganization = {Microtronix},
OPTpublisher = {publisher},
OPTlocation = {London, ON Canada},
OPTisbn = {isbn},
OPTchapter = {chapter},
OPTpages = {pages},
OPTpagetotal = {pagetotal},
OPTaddendum = {addendum},
OPTpubstate = {pubstate},
OPTdoi = {doi},
OPTeprint = {eprint},
OPTeprintclass = {eprintclass},
OPTeprinttype = {eprinttype},
OPTurl = {url},
OPTurldate = {urldate},
}

@manual{dalsa,
ALTauthor = {},
ALTeditor = {editor},
title = {1M28, 1M75, and 1M150 User’s Manual},
date = {2003},
OPTsubtitle = {subtitle},
OPTtitleaddon = {titleaddon},
OPTlanguage = {language},
OPTedition = {},
OPTtype = {type},
OPTseries = {series},
OPTnumber = {number},
OPTversion = {2.0},
OPTnote = {note},
OPTorganization = {Dalsa},
OPTpublisher = {publisher},
OPTlocation = {London, ON Canada},
OPTisbn = {isbn},
OPTchapter = {chapter},
OPTpages = {pages},
OPTpagetotal = {pagetotal},
OPTaddendum = {addendum},
OPTpubstate = {pubstate},
OPTdoi = {doi},
OPTeprint = {eprint},
OPTeprintclass = {eprintclass},
OPTeprinttype = {eprinttype},
OPTurl = {url},
OPTurldate = {urldate},
}

